@ARTICLE{4700287,
  author={Scarselli, Franco and Gori, Marco and Tsoi, Ah Chung and Hagenbuchner, Markus and Monfardini, Gabriele},
  journal={IEEE Transactions on Neural Networks}, 
  title={The Graph Neural Network Model}, 
  year={2009},
  volume={20},
  number={1},
  pages={61-80},
  doi={10.1109/TNN.2008.2005605}}

@inproceedings{gilmer2017neural,
  title={Neural message passing for quantum chemistry},
  author={Gilmer, Justin and Schoenholz, Samuel S and Riley, Patrick F and Vinyals, Oriol and Dahl, George E},
  booktitle={International conference on machine learning},
  pages={1263--1272},
  year={2017},
  organization={PMLR}
}

@article{hamilton2017inductive,
  title={Inductive representation learning on large graphs},
  author={Hamilton, Will and Ying, Zhitao and Leskovec, Jure},
  journal={Advances in neural information processing systems},
  volume={30},
  year={2017}
}

@article{wu2018moleculenet,
  title={MoleculeNet: a benchmark for molecular machine learning},
  author={Wu, Zhenqin and Ramsundar, Bharath and Feinberg, Evan N and Gomes, Joseph and Geniesse, Caleb and Pappu, Aneesh S and Leswing, Karl and Pande, Vijay},
  journal={Chemical science},
  volume={9},
  number={2},
  pages={513--530},
  year={2018},
  publisher={Royal Society of Chemistry}
}

@article{fout2017protein,
  title={Protein interface prediction using graph convolutional networks},
  author={Fout, Alex and Byrd, Jonathon and Shariat, Basir and Ben-Hur, Asa},
  journal={Advances in neural information processing systems},
  volume={30},
  year={2017}
}

@article{jorgensen2018neural,
  title={Neural message passing with edge updates for predicting properties of molecules and materials},
  author={J{\o}rgensen, Peter Bj{\o}rn and Jacobsen, Karsten Wedel and Schmidt, Mikkel N},
  journal={arXiv preprint arXiv:1806.03146},
  year={2018}
}

@article{chorowski2015attention,
  title={Attention-based models for speech recognition},
  author={Chorowski, Jan K and Bahdanau, Dzmitry and Serdyuk, Dmitriy and Cho, Kyunghyun and Bengio, Yoshua},
  journal={Advances in neural information processing systems},
  volume={28},
  year={2015}
}

@article{hochreiter1997long,
  title={Long short-term memory},
  author={Hochreiter, Sepp and Schmidhuber, J{\"u}rgen},
  journal={Neural computation},
  volume={9},
  number={8},
  pages={1735--1780},
  year={1997},
  publisher={MIT press}
}

@misc{periodicdataset,
    year = {2022},
    author = {Jake Waitze},
    url = {https://www.kaggle.com/datasets/jwaitze/tablesoftheelements},
    title = {Periodic Table of the Elements}
}
@misc{https://doi.org/10.48550/arxiv.1710.10903,
  doi = {10.48550/ARXIV.1710.10903},
  
  url = {https://arxiv.org/abs/1710.10903},
  
  author = {Veličković, Petar and Cucurull, Guillem and Casanova, Arantxa and Romero, Adriana and Liò, Pietro and Bengio, Yoshua},
  
  keywords = {Machine Learning (stat.ML), Artificial Intelligence (cs.AI), Machine Learning (cs.LG), Social and Information Networks (cs.SI), FOS: Computer and information sciences, FOS: Computer and information sciences},
  
  title = {Graph Attention Networks},
  
  publisher = {arXiv},
  
  year = {2017},
  
  copyright = {arXiv.org perpetual, non-exclusive license}
}

@inproceedings{
    rogozhnikov2022einops,
    title={Einops: Clear and Reliable Tensor Manipulations with Einstein-like Notation},
    author={Alex Rogozhnikov},
    booktitle={International Conference on Learning Representations},
    year={2022},
    url={https://openreview.net/forum?id=oapKSVM2bcj}
}

@misc{daglignns,
    url = {https://rishit-dagli.github.io/2022/02/01/graph-neural-networks-explained-with-examples},
    author = {Rishit Dagli},
    title = {What Are Graph Neural Networks? How GNNs Work, Explained with Examples},
    year = {2022},
}

@article{vaswani2017attention,
  title={Attention is all you need},
  author={Vaswani, Ashish and Shazeer, Noam and Parmar, Niki and Uszkoreit, Jakob and Jones, Llion and Gomez, Aidan N and Kaiser, {\L}ukasz and Polosukhin, Illia},
  journal={Advances in neural information processing systems},
  volume={30},
  year={2017}
}

@misc{48051,
title	= {TensorFlow Graph Optimizations},
author	= {Rasmus Munk Larsen and Tatiana Shpeisman},
year	= {2019}
}

@misc{https://doi.org/10.48550/arxiv.1609.02907,
  doi = {10.48550/ARXIV.1609.02907},
  
  url = {https://arxiv.org/abs/1609.02907},
  
  author = {Kipf, Thomas N. and Welling, Max},
  
  keywords = {Machine Learning (cs.LG), Machine Learning (stat.ML), FOS: Computer and information sciences, FOS: Computer and information sciences},
  
  title = {Semi-Supervised Classification with Graph Convolutional Networks},
  
  publisher = {arXiv},
  
  year = {2016},
  
  copyright = {arXiv.org perpetual, non-exclusive license}
}

@misc{https://doi.org/10.48550/arxiv.1703.00564,
  doi = {10.48550/ARXIV.1703.00564},
  
  url = {https://arxiv.org/abs/1703.00564},
  
  author = {Wu, Zhenqin and Ramsundar, Bharath and Feinberg, Evan N. and Gomes, Joseph and Geniesse, Caleb and Pappu, Aneesh S. and Leswing, Karl and Pande, Vijay},
  
  keywords = {Machine Learning (cs.LG), Chemical Physics (physics.chem-ph), Machine Learning (stat.ML), FOS: Computer and information sciences, FOS: Computer and information sciences, FOS: Physical sciences, FOS: Physical sciences},
  
  title = {MoleculeNet: A Benchmark for Molecular Machine Learning},
  
  publisher = {arXiv},
  
  year = {2017},
  
  copyright = {arXiv.org perpetual, non-exclusive license}
}

@article{daneman2015blood,
  title={The blood--brain barrier},
  author={Daneman, Richard and Prat, Alexandre},
  journal={Cold Spring Harbor perspectives in biology},
  volume={7},
  number={1},
  pages={a020412},
  year={2015},
  publisher={Cold Spring Harbor Lab}
}

@article{crivori2000predicting,
  title={Predicting blood- brain barrier permeation from three-dimensional molecular structure},
  author={Crivori, Patrizia and Cruciani, Gabriele and Carrupt, Pierre-Alain and Testa, Bernard},
  journal={Journal of medicinal chemistry},
  volume={43},
  number={11},
  pages={2204--2216},
  year={2000},
  publisher={ACS Publications}
}

@article{liu2004development,
  title={Development of a computational approach to predict blood-brain barrier permeability},
  author={Liu, Xingrong and Tu, Meihua and Kelly, Rebecca S and Chen, Cuiping and Smith, Bill J},
  journal={Drug metabolism and disposition},
  volume={32},
  number={1},
  pages={132--139},
  year={2004},
  publisher={ASPET}
}

@inproceedings{abadi2016tensorflow,
  title={Tensorflow: a system for large-scale machine learning.},
  author={Abadi, Mart{\'\i}n and Barham, Paul and Chen, Jianmin and Chen, Zhifeng and Davis, Andy and Dean, Jeffrey and Devin, Matthieu and Ghemawat, Sanjay and Irving, Geoffrey and Isard, Michael and others},
  booktitle={Osdi},
  volume={16},
  number={2016},
  pages={265--283},
  year={2016},
  organization={Savannah, GA, USA}
}

@article{ferludin2022tf,
  title={TF-GNN: graph neural networks in TensorFlow},
  author={Ferludin, Oleksandr and Eigenwillig, Arno and Blais, Martin and Zelle, Dustin and Pfeifer, Jan and Sanchez-Gonzalez, Alvaro and Li, Sibon and Abu-El-Haija, Sami and Battaglia, Peter and Bulut, Neslihan and others},
  journal={arXiv preprint arXiv:2207.03522},
  year={2022}
}

@article{thai2020fast,
  title={Fast Estimation of the Blood-Brain Barrier Permeability by Pulling a Ligand through a Lipid Membrane},
  author={Thai NQ and Theodorakis PE and Li MS},
  journal={Journal of chemical information and modeling},
  year={2020}
}
